@article{1,
  title={Procedimentos metodol{\'o}gicos na constru{\c{c}}{\~a}o do conhecimento cient{\'\i}fico: a pesquisa bibliogr{\'a}fica},
  author={Telma Cristiane Sasso de Lima e Regina Célia Tamaso Mioto.},
  author={Mioto, Regina C{\'e}lia Tamaso},
  journal={Revista Kat{\'a}lysis},
  volume={10},
  number={SPE},
  pages={37--45},
  year={2007},
  publisher={SciELO Brasil}
}

@book{2,
    author    = "Paul Wazlawick",
    title     = "História da computação",
    year      = "2016",
    publisher = "Elsevier",
    address   = "Rio de Janeiro, RJ"
}

@misc{3,
      author = "Grand Rapids Business Journal – David Van Andel",
      title = "Project-based learning is the future of education",
      month = "out.",
      year = "2019",
      url = "https://www.grbj.com/articles/94422-project-based-learning-is-the-future-of-education/"
}

@misc{4,
      author = "Melhoramentos ltda. – Michaels",
      title = "Computador",
      month = "out.",
      year = "2019",
      url = "https://michaelis.uol.com.br/moderno-portugues/busca/portugues-brasileiro/computador/"
}

@misc{5,
      author = "UOL – Bruno Santana",
      title = "IPhone 6 é 120 milhões de vezes mais poderoso que o computador de bordo da Apollo 11",
      month = "jul.",
      year = "2019",
      url = "https://macmagazine.uol.com.br/post/2019/07/16/iphone-6-e-120-milhoes-de-vezes-mais-poderoso-que-o-computador-de-bordo-da-apollo-11/"
}

@book{6,
  title={Computer Fundamentals: Architecture and Organization},
  author={Ram, B.},
  isbn={9788122412673},
  url={https://books.google.com.br/books?id=PVz\_IvZr5lcC},
  year={2000},
  publisher={New Age International}
}
