@book{WazlawickHistoriaDaComputacao,
    author    = "Paul Wazlawick",
    title     = "História da computação",
    year      = "2016",
    publisher = "Elsevier",
    address   = "Rio de Janeiro, RJ"
}

@misc{MichaelsComputador,
      author = "Melhoramentos ltda. – Michaels",
      title = "Computador",
      month = "out.",
      year = "2019",
      url = "https://michaelis.uol.com.br/moderno-portugues/busca/portugues-brasileiro/computador/"
}

@misc{UolIphoneVsAppolo,
      author = "UOL – Bruno Santana",
      title = "IPhone 6 é 120 milhões de vezes mais poderoso que o computador de bordo da Apollo 11",
      month = "jul.",
      year = "2019",
      url = "https://macmagazine.uol.com.br/post/2019/07/16/iphone-6-e-120-milhoes-de-vezes-mais-poderoso-que-o-computador-de-bordo-da-apollo-11/"
}
